@article{chudnovsky2020finite,
  title={Finite quotients of braid groups},
  author={Chudnovsky, Alice and Kordek, Kevin and Li, Qiao and Partin, Caleb},
  journal={Geometriae Dedicata},
  pages={1--8},
  year={2020},
  publisher={Springer}
}

